<?xml version="1.0" encoding="UTF-8"?><collection xmlns="http://www.loc.gov/MARC21/slim"><record><leader>00514nam--2200193-i-4500</leader><controlfield tag="001">000021279</controlfield><controlfield tag="002">20161230</controlfield><controlfield tag="005">20161230201034</controlfield><controlfield tag="008">060222s1000------------r-----000-0-ger-d</controlfield><datafield ind1=" " ind2=" " tag="040"><subfield code="a">IFIN-HH</subfield></datafield><datafield ind1=" " ind2=" " tag="041"><subfield code="a">ger</subfield></datafield><datafield ind1=" " ind2=" " tag="080"><subfield code="a">53(035)</subfield></datafield><datafield ind1="1" ind2=" " tag="100"><subfield code="a">Geiger, H</subfield></datafield><datafield ind1="1" ind2="0" tag="245"><subfield code="a">Handbuch der physik</subfield><subfield code="b">Negative und positive strahlen zusammenhangende materie</subfield><subfield code="c">H. geiger, karl scheel</subfield></datafield><datafield ind1=" " ind2=" " tag="260"><subfield code="a">Berlin</subfield><subfield code="b">Springer</subfield><subfield code="c">1927</subfield></datafield><datafield ind1=" " ind2=" " tag="300"><subfield code="a">X + 604 P</subfield></datafield><datafield ind1="1" ind2=" " tag="700"><subfield code="a">Scheel, K</subfield></datafield><datafield ind1=" " ind2=" " tag="852"><subfield code="a">897</subfield><subfield code="c">H.H</subfield></datafield><datafield ind1=" " ind2=" " tag="CAT"><subfield code="a">Sys</subfield><subfield code="c">20130321</subfield><subfield code="h">175814</subfield></datafield></record></collection>